@inproceedings{brodersen2010balanced,
  title={The balanced accuracy and its posterior distribution},
  author={Brodersen, Kay Henning and Ong, Cheng Soon and Stephan, Klaas Enno and Buhmann, Joachim M},
  booktitle={Pattern Recognition (ICPR), 2010 20th International Conference on},
  pages={3121--3124},
  year={2010},
  organization={IEEE}
},

@article{breiman2001random,
  title={Random forests},
  author={Breiman, Leo},
  journal={Machine learning},
  volume={45},
  number={1},
  pages={5--32},
  year={2001},
  publisher={Springer}
},

@article{kuhn2008building,
  title={Building Predictive Models in R Using the caret Package},
  author={Kuhn, Max},
  journal={Journal of Statistical Software},
  volume={28},
  number={i05},
  year={2008},
  publisher={American Statistical Association}
},

@article{friedman2001greedy,
  title={Greedy function approximation: a gradient boosting machine},
  author={Friedman, Jerome H},
  journal={Annals of statistics},
  pages={1189--1232},
  year={2001},
  publisher={JSTOR}
},

@article{natekin2013gradient,
  title={Gradient boosting machines, a tutorial},
  author={Natekin, Alexey and Knoll, Alois},
  journal={Frontiers in neurorobotics},
  volume={7},
  year={2013},
  publisher={Frontiers Media SA}
},

@manual{powers2011evaluation,
  title={Evaluation: from precision, recall and F-measure to ROC, informedness, markedness and correlation},
  author={Powers, David Martin},
  year={2011},
  publisher={Bioinfo Publications}
},

@INPROCEEDINGS{Schapire99improvedboosting,
    author = {Robert E. Schapire and Yoram Singer},
    title = {Improved Boosting Algorithms Using Confidence-rated Predictions},
    booktitle = {Machine Learning},
    year = {1999},
    pages = {80--91}
},

@misc{SprayQuote1,
  title = {Kaggle West Nile Virus Prediction: Spray Effort},
  howpublished = {\url{https://www.kaggle.com/c/predict-west-nile-virus/forums/t/13724/spray-effort/74430#post74430}},
  author = {Wendy Kan},
  note = {Forum Post. Posted: 2015-04-28, Accessed: 2015-05-17}
},

@misc{SprayQuote2,
  title = {Kaggle West Nile Virus Prediction: Spray Effort},
  howpublished = {\url{https://www.kaggle.com/c/predict-west-nile-virus/forums/t/13724/spray-effort/75071#post75071}},
  author = {Wendy Kan},
  note = {Forum Post. Posted: 2015-05-02, Accessed: 2015-05-17}
},

@article{ruiz2009local,
  title={Local impact of temperature and precipitation on West Nile virus infection in Culex species mosquitoes in northeast Illinois, USA.},
  author={Ruiz, MO and Chaves, LF and Hamer, GL and Sun, T and Brown, WM and Walker, ED and Haramis, L and Goldberg, TL and Kitron, UD},
  journal={Parasites \& Vectors},
  volume={3},
  number={1},
  pages={19--19},
  year={2009}
},

@article{turell2001vector,
  title={Vector competence of North American mosquitoes (diptera: Culicidae) for West Nile virus},
  author={Turell, Michael J and Oâ€™Guinn, Monica L and Dohm, David J and Jones, James W},
  journal={Journal of Medical Entomology},
  volume={38},
  number={2},
  pages={130--134},
  year={2001},
  publisher={The Oxford University Press}
},

@article{sardelis2001vector,
  title={Vector competence of selected North American Culex and Coquillettidia mosquitoes for West Nile virus.},
  author={Sardelis, Michael R and Turell, Michael J and Dohm, David J and O'Guinn, Monica L},
  journal={Emerging infectious diseases},
  volume={7},
  number={6},
  pages={1018},
  year={2001},
  publisher={Centers for Disease Control}
},

@article{zou2005regularization,
  title={Regularization and variable selection via the elastic net},
  author={Zou, Hui and Hastie, Trevor},
  journal={Journal of the Royal Statistical Society: Series B (Statistical Methodology)},
  volume={67},
  number={2},
  pages={301--320},
  year={2005},
  publisher={Wiley Online Library}
}